@online{intersectionImage,
    title = {Intersection of sets A and B},
    author = {Stephan Kulla},
    year = {2015},
    month = {4},
    day = {15},
    urldate = {2019-12-13},
    url = {https://commons.wikimedia.org/wiki/File:Intersection_of_sets_A_and_B.svg}
}

@online{unionImage,
    title = {Union of sets A and B},
    author = {Stephan Kulla},
    year = {2015},
    month = {4},
    day = {15},
    urldate = {2019-12-13},
    url = {https://commons.wikimedia.org/wiki/File:Intersection_of_sets_A_and_B.svg}
}
