@Article{Dawson2019,
author={Dawson, Eric T.
and Wagner, Sarah
and Roberson, David
and Yeager, Meredith
and Boland, Joseph
and Garrison, Erik
and Chanock, Stephen
and Schiffman, Mark
and Raine-Bennett, Tina
and Lorey, Thomas
and Castle, Phillip E.
and Mirabello, Lisa
and Durbin, Richard},
title={Viral coinfection analysis using a MinHash toolkit},
journal={BMC Bioinformatics},
year={2019},
volume={20},
number={1},
pages={389},
abstract={Human papillomavirus (HPV) is a common sexually transmitted infection associated with cervical cancer that frequently occurs as a coinfection of types and subtypes. Highly similar sublineages that show over 100-fold differences in cancer risk are not distinguishable in coinfections with current typing methods.},
issn={1471-2105},
doi={10.1186/s12859-019-2918-y},
url={https://doi.org/10.1186/s12859-019-2918-y}
}

